@book{concrete-mathematics,
 author = {Graham, Ronald L. and Knuth, Donald E. and Patashnik, Oren},
 title = {Concrete Mathematics: A Foundation for Computer Science},
 year = {1994},
 isbn = {0201558025},
 edition = {2nd},
 publisher = {Addison-Wesley Longman Publishing Co., Inc.},
 address = {Boston, MA, USA},
}
